% Encoding: windows-1252

@BOOK{worsleyPostgresSQL,
  AUTHOR="JD Drake, JC Worsley",
  TITLE="Practical PostgresSQL",
  PUBLISHER="O'Reilly Media",
  YEAR="2002",
}

@BOOK{mongoDB,
  AUTHOR="Shannon Bradshaw, Eoin Brazil, Kristina Chadorow",
  TITLE="MongoDB: The Definitive Guide",
  PUBLISHER="O'Reilly Media",
  YEAR="2020",
}

@BOOK{KreibchSQLite,
  AUTHOR="Jay Kreibich",
  TITLE="Using SQLite",
  PUBLISHER="O'Reilly Media",
  YEAR="2010",
}

@BOOK{OwensSQLite,
  AUTHOR="M Owens",
  TITLE="The Definitive Guide to SQLite",
  PUBLISHER="Apress",
  YEAR="2006",
}

@BOOK{HewittCassandra,
  AUTHOR="Eben Hewitt",
  TITLE="Cassandra: The Definitive Guide",
  PUBLISHER="O'Reilly Media",
  YEAR="2010",
}

@BOOK{ChathamSQL,
  AUTHOR="Mark Chatham",
  TITLE="Structured Query Language By Example - Volume I: Data Query Language",
  YEAR="2010",
}

@BOOK{SQLHandbook,
  AUTHOR="Judith S Bowman, Sandra L. Emerson, Marcy Darnovsky",
  TITLE="The practical SQL handbook : using structured query language",
  PUBLISHER="Addison-Wesley Developers Press",
  YEAR="1996",
}

@ARTICLE{SQLvNOSQL,
  AUTHOR="M Stonebraker",
  TITLE="SQL databases v. NoSQL databases",
  JOURNAL="Communications of the ACM",
  YEAR="2010",
  VOLUME="53",
  NUMBER="4",
}

@INPROCEEDINGS{ACID,
  TITLE={ACID Properties in Distributed Databases},
  AUTHOR={Shiwei Yu}
}

@BOOK{TwoPhaseCommit,
  title={Transactional Information Systems: Theory, Algorithms, and the Practice of Concurrency Control and Recovery},
  author={Weikum, G. and Vossen, G.},
  series={The Morgan Kaufmann Series in Data Management Systems},
  year={2001},
  publisher={Elsevier Science}
}

@book{CassandraUseCase,
  title={Cassandra Design Patterns},
  author={Thottuvaikkatumana, R.},
  isbn={9781783988488},
  url={https://books.google.pl/books?id=1\_KoCwAAQBAJ},
  year={2015},
  publisher={Packt Publishing}
}

@book{Uwarunkowania2,
  url={https://www.er.agh.edu.pl/media/filer_public/c7/5e/c75ee731-c145-4bf2-9db7-f351b56ae53e/raport_spoleczne_uwarunkowania_funkcjonowania_klastrow_energii_w_polsce_czii.pdf}, 
  journal={Społeczne uwarunkowania funkcjonowania klastrów energii w Polsce cz. 2}, 
  author={Micek, Dorota and Wróblewski, Jakub and Maźnica, Łukasz and Szczucka, Anna and Worek, Barbara and Kocór, Marcin}, 
  year={2021}
}

@book{Uwarunkowania1,
  url={https://www.er.agh.edu.pl/media/filer_public/66/cb/66cb3fd2-854d-47c5-baaa-c2952fb8e639/raport_spoleczne_uwarunkowania_funkcjonowania_klastrow_energii_w_polsce.pdf}, 
  journal={Społeczne uwarunkowania funkcjonowania klastrów energii w Polsce cz. 1}, 
  author={Micek, Dorota and Wróblewski, Jakub and Maźnica, Łukasz and Szczucka, Anna and Worek, Barbara and Kocór, Marcin}, 
  year={2021}
}


@article{BedkowskiRaport,
  title={Obowiązki regulacyjne spoczywające na przedsiębiorstwach energetycznych i pozostałych użytkownikach systemu energetycznego},
  url={https://journals.agh.edu.pl/er/article/view/4746}, 
  DOI={10.7494/er.2021.5-6.91}, 
  number={5-6}, 
  journal={Energetyka Rozproszona}, 
  author={Będkowski-Kozioł, Michał and Wrochna, Wojciech}, 
  year={2021}, 
  month={cze.},
  pages={91–104} 
}

@masterthesis{WoznyMasters,
    author = {mgr inż. Krzysztof Woźny},
    pages = 101,
    school = {Akademia Górniczo-Hutnicza im. Stanisława Staszica w Krakowie},
    title = {Inteligentne narzędzia zarządzania rozproszonymi źródłami  i magazynami energii elektrycznej},
    year = 2020
}

@book{PrometheusCloud,
  title={Cloud Without Compromise},
  author={Zikopoulos, P. and Bienko, C. and Backer, C. and Konarski, C. and Vennam, S.},
  isbn={9781098103705},
  url={https://books.google.pl/books?id=\_dg6EAAAQBAJ},
  year={2021},
  publisher={O'Reilly Media}
}
